<?xml version="1.0" encoding="utf-8" ?>
<collection xmlns="http://www.loc.gov/MARC21/slim" >
	<record type="Bibliographic">
		<leader>     cam a22     7  4500</leader>
		<controlfield tag="001">316022063</controlfield>
		<controlfield tag="003">CHVBK</controlfield>
		<controlfield tag="005">20140527151224.0</controlfield>
		<controlfield tag="008">140524s1957    gw            00    ger d</controlfield>
		<datafield tag="035" ind1=" " ind2=" ">
			<subfield code="a">(RERO)R004689410</subfield>
		</datafield>
		<datafield tag="035" ind1=" " ind2=" ">
			<subfield code="a">(SGBN)000187319</subfield>
		</datafield>
		<datafield tag="035" ind1=" " ind2=" ">
			<subfield code="a">(NEBIS)000262918</subfield>
		</datafield>
		<datafield tag="035" ind1=" " ind2=" ">
			<subfield code="a">(IDSBB)000217483</subfield>
		</datafield>
		<datafield tag="040" ind1=" " ind2=" ">
			<subfield code="a">CH-MyRERO</subfield>
			<subfield code="d">CHVBK</subfield>
		</datafield>
		<datafield tag="041" ind1="1" ind2=" ">
			<subfield code="a">ger</subfield>
			<subfield code="a">fre</subfield>
			<subfield code="h">spa</subfield>
		</datafield>
		<datafield tag="044" ind1=" " ind2=" ">
			<subfield code="a">sz</subfield>
			<subfield code="c">ch-ju</subfield>
		</datafield>
		<datafield tag="072" ind1=" " ind2="7">
			<subfield code="a">s1sp</subfield>
			<subfield code="2">rero</subfield>
		</datafield>
		<datafield tag="100" ind1="1" ind2=" ">
			<subfield code="a">Castro</subfield>
			<subfield code="D">Américo</subfield>
		</datafield>
		<datafield tag="245" ind1="1" ind2="0">
			<subfield code="a">Spanien Vision und Wirklichkeit</subfield>
			<subfield code="c">Americo Castro ; [aus dem Spanischen übertragen von Suzanne Heintz]</subfield>
		</datafield>
		<datafield tag="260" ind1=" " ind2=" ">
			<subfield code="a">Köln [etc.]</subfield>
			<subfield code="b">Kiepenheuer und Witsch</subfield>
			<subfield code="c">1957</subfield>
		</datafield>
		<datafield tag="300" ind1=" " ind2=" ">
			<subfield code="a">720 S</subfield>
			<subfield code="b">127 Taf</subfield>
			<subfield code="c">4&#39;</subfield>
		</datafield>
		<datafield tag="500" ind1=" " ind2=" ">
			<subfield code="a">Originaltitel: La realidad histórica de España</subfield>
		</datafield>
		<datafield tag="505" ind1="0" ind2=" ">
			<subfield code="a">Vol. 1: La voie des ombres</subfield>
		</datafield>
		<datafield tag="505" ind1="0" ind2=" ">
			<subfield code="a">Vol. 2: Le choix des ombres</subfield>
		</datafield>
		<datafield tag="505" ind1="0" ind2=" ">
			<subfield code="a">Vol. 3: Au-delà des ombres</subfield>
		</datafield>
		<datafield tag="509" ind1=" " ind2="3">
			<subfield code="a">La realidad histórica de España</subfield>
		</datafield>
		<datafield tag="648" ind1=" " ind2="7">
			<subfield code="a">Geschichte</subfield>
			<subfield code="2">gnd</subfield>
		</datafield>
		<datafield tag="650" ind1=" " ind2="7">
			<subfield code="a">Kultur</subfield>
			<subfield code="0">(DE-588)4125698-0</subfield>
			<subfield code="2">gnd</subfield>
		</datafield>
		<datafield tag="650" ind1=" " ind2="7">
			<subfield code="a">Religion</subfield>
			<subfield code="0">(DE-588)4049396-9</subfield>
			<subfield code="2">gnd</subfield>
		</datafield>
		<datafield tag="650" ind1=" " ind2="7">
			<subfield code="a">Schokolade</subfield>
			<subfield code="0">(DE-588)4053168-5</subfield>
			<subfield code="2">gnd</subfield>
		</datafield>
		<datafield tag="651" ind1=" " ind2="7">
			<subfield code="a">Spanien</subfield>
			<subfield code="0">(DE-588)4055964-6</subfield>
			<subfield code="2">gnd</subfield>
		</datafield>
		<datafield tag="690" ind1=" " ind2="7">
			<subfield code="B">g</subfield>
			<subfield code="a">Spanien</subfield>
			<subfield code="x">Geschichte</subfield>
			<subfield code="2">sgbn S</subfield>
		</datafield>
		<datafield tag="691" ind1=" " ind2="7">
			<subfield code="B">u</subfield>
			<subfield code="a">GESCHICHTE</subfield>
			<subfield code="z">ger</subfield>
			<subfield code="u">93</subfield>
			<subfield code="2">nebis E1</subfield>
		</datafield>
		<datafield tag="691" ind1=" " ind2="7">
			<subfield code="B">u</subfield>
			<subfield code="a">SPANIEN (SÜDWESTEUROPA). KÖNIGREICH SPANIEN</subfield>
			<subfield code="z">ger</subfield>
			<subfield code="u">(460)</subfield>
			<subfield code="2">nebis E1</subfield>
		</datafield>
		<datafield tag="691" ind1=" " ind2="7">
			<subfield code="B">u</subfield>
			<subfield code="a">KULTURGESCHICHTE</subfield>
			<subfield code="z">ger</subfield>
			<subfield code="u">930.85</subfield>
			<subfield code="2">nebis E1</subfield>
		</datafield>
		<datafield tag="691" ind1=" " ind2="7">
			<subfield code="B">u</subfield>
			<subfield code="a">HISTORY</subfield>
			<subfield code="z">eng</subfield>
			<subfield code="u">93</subfield>
			<subfield code="2">nebis E1</subfield>
		</datafield>
		<datafield tag="691" ind1=" " ind2="7">
			<subfield code="B">u</subfield>
			<subfield code="a">HISTOIRE</subfield>
			<subfield code="z">fre</subfield>
			<subfield code="u">93</subfield>
			<subfield code="2">nebis E1</subfield>
		</datafield>
		<datafield tag="691" ind1=" " ind2="7">
			<subfield code="B">u</subfield>
			<subfield code="a">ESPAGNE (EUROPE DU SUD-OUEST). ROYAUME D&#39;ESPAGNE</subfield>
			<subfield code="z">fre</subfield>
			<subfield code="u">(460)</subfield>
			<subfield code="2">nebis E1</subfield>
		</datafield>
		<datafield tag="691" ind1=" " ind2="7">
			<subfield code="B">u</subfield>
			<subfield code="a">SPAIN (SOUTH WEST EUROPE). KINGDOM OF SPAIN</subfield>
			<subfield code="z">eng</subfield>
			<subfield code="u">(460)</subfield>
			<subfield code="2">nebis E1</subfield>
		</datafield>
		<datafield tag="691" ind1=" " ind2="7">
			<subfield code="B">u</subfield>
			<subfield code="a">HISTOIRE CULTURELLE</subfield>
			<subfield code="z">fre</subfield>
			<subfield code="u">930.85</subfield>
			<subfield code="2">nebis E1</subfield>
		</datafield>
		<datafield tag="691" ind1=" " ind2="7">
			<subfield code="B">u</subfield>
			<subfield code="a">CULTURAL HISTORY</subfield>
			<subfield code="z">eng</subfield>
			<subfield code="u">930.85</subfield>
			<subfield code="2">nebis E1</subfield>
		</datafield>
		<datafield tag="700" ind1="1" ind2=" ">
			<subfield code="a">Heintz</subfield>
			<subfield code="D">Suzanne</subfield>
		</datafield>
		<datafield tag="700" ind1="1" ind2=" ">
			<subfield code="a">Hipler</subfield>
			<subfield code="D">Günter</subfield>
		</datafield>
		<datafield tag="700" ind1="0" ind2=" ">
			<subfield code="a">Voltaire</subfield>
		</datafield>
		<datafield tag="700" ind1="0" ind2=" ">
			<subfield code="a">Nicolas</subfield>
		</datafield>
		<datafield tag="773" ind1="1" ind2=" ">
			<subfield code="t">Quotidien jurassien</subfield>
			<subfield code="g">1996/03/23</subfield>
		</datafield>
		<datafield tag="773" ind1="1" ind2=" ">
			<subfield code="t">Biel/Bienne</subfield>
			<subfield code="g">1996/03/25</subfield>
		</datafield>
		<datafield tag="912" ind1=" " ind2="7">
			<subfield code="a">go</subfield>
			<subfield code="2">SGBN</subfield>
		</datafield>
		<datafield tag="912" ind1=" " ind2="7">
			<subfield code="a">gs</subfield>
			<subfield code="2">SGBN</subfield>
		</datafield>
		<datafield tag="912" ind1=" " ind2="7">
			<subfield code="a">ga</subfield>
		</datafield>
		<datafield tag="912" ind1=" " ind2="7">
			<subfield code="a">ng</subfield>
		</datafield>
		<datafield tag="950" ind1=" " ind2=" ">
			<subfield code="B">RERO</subfield>
			<subfield code="P">100</subfield>
			<subfield code="E">1-</subfield>
			<subfield code="a">Castro</subfield>
			<subfield code="D">Américo</subfield>
		</datafield>
		<datafield tag="950" ind1=" " ind2=" ">
			<subfield code="B">RERO</subfield>
			<subfield code="P">700</subfield>
			<subfield code="E">1-</subfield>
			<subfield code="a">Heintz</subfield>
			<subfield code="D">Suzanne</subfield>
		</datafield>
		<datafield tag="950" ind1=" " ind2=" ">
			<subfield code="B">SGBN</subfield>
			<subfield code="P">100</subfield>
			<subfield code="E">1-</subfield>
			<subfield code="a">Castro</subfield>
			<subfield code="D">Americo</subfield>
		</datafield>
		<datafield tag="950" ind1=" " ind2=" ">
			<subfield code="B">NEBIS</subfield>
			<subfield code="P">700</subfield>
			<subfield code="E">1-</subfield>
			<subfield code="a">Castro</subfield>
			<subfield code="D">Américo</subfield>
		</datafield>
		<datafield tag="950" ind1=" " ind2=" ">
			<subfield code="B">IDSBB</subfield>
			<subfield code="P">100</subfield>
			<subfield code="E">1-</subfield>
			<subfield code="a">Castro</subfield>
			<subfield code="D">Américo</subfield>
		</datafield>
		<datafield tag="986" ind1=" " ind2=" ">
			<subfield code="a">SWISSBIB</subfield>
			<subfield code="b">271128399</subfield>
		</datafield>
		<datafield tag="898" ind1=" " ind2=" ">
			<subfield code="a">BK020000</subfield>
			<subfield code="b">BK020000</subfield>
		</datafield>
		<datafield tag="949" ind1=" " ind2=" ">
			<subfield code="B">NEBIS</subfield>
			<subfield code="C">EAD50</subfield>
			<subfield code="D">EBI01</subfield>
			<subfield code="E">000262918</subfield>
			<subfield code="F">E01</subfield>
			<subfield code="b">E01</subfield>
			<subfield code="c">01</subfield>
			<subfield code="j">946332</subfield>
			<subfield code="p">00100002698171</subfield>
			<subfield code="q">000262918</subfield>
			<subfield code="r">000010</subfield>
			<subfield code="0">ETH-BIB (Zürich)</subfield>
			<subfield code="1">Magazin</subfield>
			<subfield code="2">4</subfield>
			<subfield code="3">BOOK</subfield>
			<subfield code="4">01</subfield>
			<subfield code="5">A 28 Tg/140 Tg</subfield>
		</datafield>
		<datafield tag="949" ind1=" " ind2=" ">
			<subfield code="B">RERO</subfield>
			<subfield code="E">R004689410</subfield>
			<subfield code="F">RE01001</subfield>
			<subfield code="b">RE01001</subfield>
			<subfield code="c">RE010010001</subfield>
			<subfield code="j">X 488</subfield>
			<subfield code="p">001150424</subfield>
		</datafield>
		<datafield tag="949" ind1=" " ind2=" ">
			<subfield code="B">IDSBB</subfield>
			<subfield code="C">DSV51</subfield>
			<subfield code="D">DSV01</subfield>
			<subfield code="E">000217483</subfield>
			<subfield code="F">A100</subfield>
			<subfield code="b">A100</subfield>
			<subfield code="c">MAG</subfield>
			<subfield code="j">ef 124</subfield>
			<subfield code="p">0UBU0640840</subfield>
			<subfield code="q">000217483</subfield>
			<subfield code="r">000010</subfield>
			<subfield code="0">Basel UB</subfield>
			<subfield code="1">Magazin</subfield>
			<subfield code="3">BOOK</subfield>
			<subfield code="4">01</subfield>
			<subfield code="5">Heimausleihe</subfield>
		</datafield>
		<datafield tag="949" ind1=" " ind2=" ">
			<subfield code="B">IDSBB</subfield>
			<subfield code="C">DSV51</subfield>
			<subfield code="D">DSV01</subfield>
			<subfield code="E">000217483</subfield>
			<subfield code="F">A202</subfield>
			<subfield code="b">A202</subfield>
			<subfield code="c">202FM</subfield>
			<subfield code="j">HS AE 695</subfield>
			<subfield code="p">DSVN280527</subfield>
			<subfield code="q">000217483</subfield>
			<subfield code="r">000020</subfield>
			<subfield code="x">REKAT0203CHW2 / Akz: ba/ihs-/u</subfield>
			<subfield code="0">Basel Departement Geschichte</subfield>
			<subfield code="1">Freihandmagazin</subfield>
			<subfield code="3">BOOK</subfield>
			<subfield code="4">21</subfield>
			<subfield code="5">Benutzung an Ort</subfield>
		</datafield>
		<datafield tag="949" ind1=" " ind2=" ">
			<subfield code="B">IDSBB</subfield>
			<subfield code="C">DSV51</subfield>
			<subfield code="D">DSV01</subfield>
			<subfield code="E">000217483</subfield>
			<subfield code="F">A241</subfield>
			<subfield code="b">A241</subfield>
			<subfield code="c">FH</subfield>
			<subfield code="j">IBR SpA 205</subfield>
			<subfield code="p">DSVN637374</subfield>
			<subfield code="q">000217483</subfield>
			<subfield code="r">000030</subfield>
			<subfield code="x">REKATA1100303</subfield>
			<subfield code="0">Basel Sem. f. Iberoromanistik</subfield>
			<subfield code="1">Freihandbereich</subfield>
			<subfield code="3">BOOK</subfield>
			<subfield code="4">11</subfield>
			<subfield code="5">Heimausleihe</subfield>
		</datafield>
		<datafield tag="949" ind1=" " ind2=" ">
			<subfield code="B">IDSBB</subfield>
			<subfield code="C">DSV51</subfield>
			<subfield code="D">DSV01</subfield>
			<subfield code="E">000217483</subfield>
			<subfield code="F">B400</subfield>
			<subfield code="b">B400</subfield>
			<subfield code="c">400F4</subfield>
			<subfield code="j">ZB RAB 9992</subfield>
			<subfield code="p">BM1843072</subfield>
			<subfield code="q">000217483</subfield>
			<subfield code="r">000040</subfield>
			<subfield code="0">Bern UB ZB</subfield>
			<subfield code="1">vonRoll Speicher F4</subfield>
			<subfield code="2">i</subfield>
			<subfield code="3">BOOK</subfield>
			<subfield code="4">01</subfield>
			<subfield code="5">Heimausleihe</subfield>
		</datafield>
		<datafield tag="956" ind1="4" ind2=" ">
			<subfield code="B">IDSBB</subfield>
			<subfield code="C">DSV51</subfield>
			<subfield code="D">DSV01</subfield>
			<subfield code="a">B400</subfield>
			<subfield code="u">http://www.ub.unibas.ch/tox/IDSBB/000217483/PDF</subfield>
			<subfield code="q">pdf</subfield>
			<subfield code="x">VIEW</subfield>
			<subfield code="y">Inhaltsverzeichnis</subfield>
		</datafield>
		<datafield tag="949" ind1=" " ind2=" ">
			<subfield code="B">SGBN</subfield>
			<subfield code="C">SGB50</subfield>
			<subfield code="D">SGB01</subfield>
			<subfield code="E">000187319</subfield>
			<subfield code="F">SGKBV</subfield>
			<subfield code="b">SGKBV</subfield>
			<subfield code="c">KM</subfield>
			<subfield code="j">VGA Q 13</subfield>
			<subfield code="p">VGA Q 13</subfield>
			<subfield code="q">000187319</subfield>
			<subfield code="r">000010</subfield>
			<subfield code="0">KB St.Gallen Vadiana</subfield>
			<subfield code="1">Magazin</subfield>
			<subfield code="2">i</subfield>
			<subfield code="3">BOOK</subfield>
			<subfield code="4">01</subfield>
			<subfield code="5">ausleihbar</subfield>
		</datafield>
	</record>