
	<record type="Bibliographic">
		<leader>     cam a22     4  4500</leader>
		<controlfield tag="001">31602208X</controlfield>
		<controlfield tag="003">CHVBK</controlfield>
		<controlfield tag="005">20140616234429.0</controlfield>
		<controlfield tag="008">140524s2014    gw            00    ger d</controlfield>
		<datafield tag="016" ind1="7" ind2=" ">
			<subfield code="a">747185441</subfield>
			<subfield code="2">DE-101</subfield>
		</datafield>
		<datafield tag="020" ind1=" " ind2=" ">
			<subfield code="a">978-3-8252-3988-6</subfield>
		</datafield>
		<datafield tag="035" ind1=" " ind2=" ">
			<subfield code="a">(ABN)000741970</subfield>
		</datafield>
		<datafield tag="035" ind1=" " ind2=" ">
			<subfield code="a">(IDSBB)006189645</subfield>
		</datafield>
		<datafield tag="035" ind1=" " ind2=" ">
			<subfield code="a">(NEBIS)010131061</subfield>
		</datafield>
		<datafield tag="035" ind1=" " ind2=" ">
			<subfield code="a">(OCoLC)852631783</subfield>
		</datafield>
		<datafield tag="040" ind1=" " ind2=" ">
			<subfield code="a">DEBSZ</subfield>
			<subfield code="d">CH-AaAKB</subfield>
		</datafield>
		<datafield tag="044" ind1=" " ind2=" ">
			<subfield code="a">sz</subfield>
			<subfield code="c">ch-bl</subfield>
		</datafield>
		<datafield tag="245" ind1="0" ind2="0">
			<subfield code="a">Spanische Literaturgeschichte</subfield>
			<subfield code="b">eine kommentierte Anthologie</subfield>
			<subfield code="c">hrsg. von Carmen Rivero Iglesias</subfield>
		</datafield>
		<datafield tag="246" ind1="1" ind2="3">
			<subfield code="a">Spain literature history</subfield>
		</datafield>
		<datafield tag="246" ind1="1" ind2="3">
			<subfield code="a">Historia de la literatura española</subfield>
		</datafield>
		<datafield tag="260" ind1=" " ind2=" ">
			<subfield code="a">Paderborn</subfield>
			<subfield code="b">Fink</subfield>
			<subfield code="c">2014</subfield>
		</datafield>
		<datafield tag="300" ind1=" " ind2=" ">
			<subfield code="a">380 S</subfield>
		</datafield>
		<datafield tag="490" ind1="0" ind2=" ">
			<subfield code="a">UTB. Romanistik, Literaturwissenschaft</subfield>
		</datafield>
		<datafield tag="490" ind1="0" ind2=" ">
			<subfield code="a">UTB</subfield>
			<subfield code="v">3988</subfield>
		</datafield>
		<datafield tag="505" ind1="0" ind2="0">
			<subfield code="g">Tome 1</subfield>
			<subfield code="t">A-D</subfield>
			<subfield code="r">Par Charles Laboulaye et MM. Debette, Barral</subfield>
		</datafield>
		<datafield tag="505" ind1="0" ind2="0">
			<subfield code="g">Tome 2</subfield>
			<subfield code="t">E-M</subfield>
			<subfield code="r">Par Charles Laboulaye et MM. Debette, Barral</subfield>
		</datafield>	
		<datafield tag="505" ind1="0" ind2="0">
			<subfield code="g">Tome 3</subfield>
			<subfield code="t">N-Z</subfield>
			<subfield code="r">Par Charles Laboulaye et MM. Debette, Barral</subfield>
		</datafield>
		<datafield tag="505" ind1="0" ind2="0">
			<subfield code="g">Tome 4</subfield>
			<subfield code="t">Complément, avec le concours de savants, d'ingénieurs et de fabricants</subfield>
		</datafield>
		<datafield tag="648" ind1=" " ind2="7">
			<subfield code="a">Geschichte</subfield>
			<subfield code="2">gnd</subfield>
		</datafield>
		<datafield tag="650" ind1=" " ind2="7">
			<subfield code="a">Spanisch</subfield>
			<subfield code="0">(DE-588)4077640-2</subfield>
			<subfield code="2">gnd</subfield>
		</datafield>
		<datafield tag="650" ind1=" " ind2="7">
			<subfield code="a">Literatur</subfield>
			<subfield code="0">(DE-588)4035964-5</subfield>
			<subfield code="2">gnd</subfield>
		</datafield>
		<datafield tag="655" ind1=" " ind2="7">
			<subfield code="a">Lehrbuch</subfield>
			<subfield code="2">gnd</subfield>
		</datafield>
		<datafield tag="700" ind1="1" ind2=" ">
			<subfield code="a">Rivero Iglesias</subfield>
			<subfield code="D">Carmen</subfield>
		</datafield>
		<datafield tag="856" ind1=" " ind2=" ">
			<subfield code="u">http://d-nb.info/1034840835/04</subfield>
			<subfield code="z">Inhaltsverzeichnis</subfield>
		</datafield>
		<datafield tag="856" ind1=" " ind2=" ">
			<subfield code="z">Inhaltsangabe</subfield>
			<subfield code="u">http://deposit.d-nb.de/cgi-bin/dokserv?id=4338251&#38;prov=M&#38;dok%5Fvar=1&#38;dok%5Fext=htm</subfield>
		</datafield>
		<datafield tag="909" ind1=" " ind2="7">
			<subfield code="a">NELAKB1404</subfield>
			<subfield code="2">abn YA</subfield>
		</datafield>
		<datafield tag="909" ind1=" " ind2="7">
			<subfield code="a">UROSE-201405</subfield>
			<subfield code="2">nebis EN</subfield>
		</datafield>
		<datafield tag="912" ind1=" " ind2="7">
			<subfield code="a">860</subfield>
		</datafield>
		<datafield tag="912" ind1=" " ind2="7">
			<subfield code="a">es</subfield>
		</datafield>
		<datafield tag="950" ind1=" " ind2=" ">
			<subfield code="B">ABN</subfield>
			<subfield code="P">490</subfield>
			<subfield code="E">--</subfield>
			<subfield code="a">UTB. Romanistik, Literaturwissenschaft</subfield>
		</datafield>
		<datafield tag="950" ind1=" " ind2=" ">
			<subfield code="B">ABN</subfield>
			<subfield code="P">490</subfield>
			<subfield code="E">--</subfield>
			<subfield code="a">UTB</subfield>
			<subfield code="v">3988</subfield>
		</datafield>
		<datafield tag="950" ind1=" " ind2=" ">
			<subfield code="B">ABN</subfield>
			<subfield code="P">700</subfield>
			<subfield code="E">1-</subfield>
			<subfield code="a">Rivero Iglesias</subfield>
			<subfield code="D">Carmen</subfield>
		</datafield>
		<datafield tag="950" ind1=" " ind2=" ">
			<subfield code="B">ABN</subfield>
			<subfield code="P">856</subfield>
			<subfield code="E">--</subfield>
			<subfield code="u">http://d-nb.info/1034840835/04</subfield>
			<subfield code="z">Inhaltsverzeichnis</subfield>
		</datafield>
		<datafield tag="950" ind1=" " ind2=" ">
			<subfield code="B">ABN</subfield>
			<subfield code="P">856</subfield>
			<subfield code="E">--</subfield>
			<subfield code="z">Inhaltsangabe</subfield>
			<subfield code="u">http://deposit.d-nb.de/cgi-bin/dokserv?id=4338251&#38;prov=M&#38;dok%5Fvar=1&#38;dok%5Fext=htm</subfield>
		</datafield>
		<datafield tag="950" ind1=" " ind2=" ">
			<subfield code="B">IDSBB</subfield>
			<subfield code="P">490</subfield>
			<subfield code="E">--</subfield>
			<subfield code="a">UTB. Romanistik, Literaturwissenschaft</subfield>
		</datafield>
		<datafield tag="950" ind1=" " ind2=" ">
			<subfield code="B">IDSBB</subfield>
			<subfield code="P">490</subfield>
			<subfield code="E">--</subfield>
			<subfield code="a">UTB</subfield>
			<subfield code="v">3988</subfield>
			<subfield code="i">3988</subfield>
		</datafield>
		<datafield tag="950" ind1=" " ind2=" ">
			<subfield code="B">IDSBB</subfield>
			<subfield code="P">700</subfield>
			<subfield code="E">1-</subfield>
			<subfield code="a">Rivero Iglesias</subfield>
			<subfield code="D">Carmen</subfield>
		</datafield>
		<datafield tag="950" ind1=" " ind2=" ">
			<subfield code="B">IDSBB</subfield>
			<subfield code="P">856</subfield>
			<subfield code="E">--</subfield>
			<subfield code="z">Inhaltsangabe</subfield>
			<subfield code="u">http://deposit.d-nb.de/cgi-bin/dokserv?id=4338251&#38;prov=M&#38;dok%5Fvar=1&#38;dok%5Fext=htm</subfield>
		</datafield>
		<datafield tag="950" ind1=" " ind2=" ">
			<subfield code="B">NEBIS</subfield>
			<subfield code="P">490</subfield>
			<subfield code="E">--</subfield>
			<subfield code="a">UTB. Romanistik, Literaturwissenschaft</subfield>
		</datafield>
		<datafield tag="950" ind1=" " ind2=" ">
			<subfield code="B">NEBIS</subfield>
			<subfield code="P">490</subfield>
			<subfield code="E">--</subfield>
			<subfield code="a">UTB</subfield>
			<subfield code="v">3988</subfield>
		</datafield>
		<datafield tag="950" ind1=" " ind2=" ">
			<subfield code="B">NEBIS</subfield>
			<subfield code="P">700</subfield>
			<subfield code="E">1-</subfield>
			<subfield code="a">Rivero Iglesias</subfield>
			<subfield code="D">Carmen</subfield>
		</datafield>
		<datafield tag="986" ind1=" " ind2=" ">
			<subfield code="a">SWISSBIB</subfield>
			<subfield code="b">31602208X</subfield>
		</datafield>
		<datafield tag="898" ind1=" " ind2=" ">
			<subfield code="a">BK020000</subfield>
			<subfield code="b">BK020000</subfield>
		</datafield>
		<datafield tag="949" ind1=" " ind2=" ">
			<subfield code="B">NEBIS</subfield>
			<subfield code="C">UZH50</subfield>
			<subfield code="D">EBI01</subfield>
			<subfield code="E">010131061</subfield>
			<subfield code="F">UROSE</subfield>
			<subfield code="b">UROSE</subfield>
			<subfield code="j">RoSe Rq 108</subfield>
			<subfield code="p">UM1459061</subfield>
			<subfield code="q">010131061</subfield>
			<subfield code="r">000010</subfield>
			<subfield code="0">UZH-ROSE (Zürich)</subfield>
			<subfield code="2">0</subfield>
			<subfield code="3">BOOK</subfield>
			<subfield code="4">11</subfield>
			<subfield code="5">Ausleihe 4 Wochen</subfield>
		</datafield>
		<datafield tag="949" ind1=" " ind2=" ">
			<subfield code="B">IDSBB</subfield>
			<subfield code="C">DSV51</subfield>
			<subfield code="D">DSV01</subfield>
			<subfield code="E">006189645</subfield>
			<subfield code="F">B400</subfield>
			<subfield code="b">B400</subfield>
			<subfield code="c">400J5</subfield>
			<subfield code="j">ZB RFA 37984</subfield>
			<subfield code="p">BM2303309</subfield>
			<subfield code="q">006189645</subfield>
			<subfield code="r">000020</subfield>
			<subfield code="x">NELB4001405</subfield>
			<subfield code="0">Bern UB ZB</subfield>
			<subfield code="1">vonRoll Speicher J5</subfield>
			<subfield code="2">i</subfield>
			<subfield code="3">BOOK</subfield>
			<subfield code="4">01</subfield>
			<subfield code="5">Heimausleihe</subfield>
		</datafield>
		<datafield tag="956" ind1="4" ind2=" ">
			<subfield code="B">IDSBB</subfield>
			<subfield code="C">DSV51</subfield>
			<subfield code="D">DSV01</subfield>
			<subfield code="a">B400</subfield>
			<subfield code="u">http://d-nb.info/1034840835/04</subfield>
			<subfield code="q">pdf</subfield>
			<subfield code="x">VIEW</subfield>
			<subfield code="y">Inhaltsverzeichnis</subfield>
		</datafield>
		<datafield tag="949" ind1=" " ind2=" ">
			<subfield code="B">IDSBB</subfield>
			<subfield code="C">DSV51</subfield>
			<subfield code="D">DSV01</subfield>
			<subfield code="E">006189645</subfield>
			<subfield code="F">B410</subfield>
			<subfield code="b">B410</subfield>
			<subfield code="c">FH</subfield>
			<subfield code="j">BTO</subfield>
			<subfield code="p">BM2631551</subfield>
			<subfield code="q">006189645</subfield>
			<subfield code="r">000010</subfield>
			<subfield code="x">NELB4101404</subfield>
			<subfield code="0">Bern UB BTO</subfield>
			<subfield code="1">Freihandbereich</subfield>
			<subfield code="3">BOOK</subfield>
			<subfield code="4">11</subfield>
			<subfield code="5">Heimausleihe</subfield>
			<subfield code="6">IP</subfield>
		</datafield>
		<datafield tag="949" ind1=" " ind2=" ">
			<subfield code="B">ABN</subfield>
			<subfield code="C">ABN51</subfield>
			<subfield code="D">ABN01</subfield>
			<subfield code="E">000741970</subfield>
			<subfield code="F">AKB</subfield>
			<subfield code="b">AKB</subfield>
			<subfield code="c">AKBFH</subfield>
			<subfield code="j">AKB 100929</subfield>
			<subfield code="p">AAK002436069</subfield>
			<subfield code="q">000741970</subfield>
			<subfield code="r">000010</subfield>
			<subfield code="0">Aargauer Kantonsbibliothek</subfield>
			<subfield code="1">Freihand</subfield>
			<subfield code="2">6</subfield>
			<subfield code="3">BOOK</subfield>
			<subfield code="4">01</subfield>
			<subfield code="5">4 Wochen</subfield>
		</datafield>
	</record>