
	<record type="Bibliographic">
		<leader>     nam a22     4  4500</leader>
		<controlfield tag="001">316022098</controlfield>
		<controlfield tag="003">CHVBK</controlfield>
		<controlfield tag="005">20140524070547.0</controlfield>
		<controlfield tag="008">140524s2013    sz            00    ger  </controlfield>
		<datafield tag="020" ind1=" " ind2=" ">
			<subfield code="a">978-3-906178-00-4</subfield>
		</datafield>
		<datafield tag="035" ind1=" " ind2=" ">
			<subfield code="a">(NEBIS)009901958</subfield>
		</datafield>
		<datafield tag="035" ind1=" " ind2=" ">
			<subfield code="a">(IDSLU)001144624</subfield>
		</datafield>
		<datafield tag="040" ind1=" " ind2=" ">
			<subfield code="a">SzZuIDS NEBIS ZHDK-MIZ</subfield>
		</datafield>
		<datafield tag="245" ind1="0" ind2="0">
			<subfield code="a">Spatial Design</subfield>
			<subfield code="b">Gespräche über Architekturen, Ausstellungen, Bühnenbilder und Urbane Interventionen : ein Reader des MAS Spatial Design</subfield>
			<subfield code="c">Stephan Trüby (Hrsg.)</subfield>
		</datafield>
		<datafield tag="260" ind1=" " ind2=" ">
			<subfield code="a">Zürich</subfield>
			<subfield code="b">Zürcher Hochschule der Künste, Institut für Designforschung</subfield>
			<subfield code="c">2013</subfield>
		</datafield>
		<datafield tag="300" ind1=" " ind2=" ">
			<subfield code="a">196 S</subfield>
			<subfield code="b">farbige Ill</subfield>
			<subfield code="c">21 cm</subfield>
		</datafield>
		<datafield tag="650" ind1=" " ind2="7">
			<subfield code="a">Öffentlicher Raum</subfield>
			<subfield code="0">(DE-588)4172385-5</subfield>
			<subfield code="2">gnd</subfield>
		</datafield>
		<datafield tag="650" ind1=" " ind2="7">
			<subfield code="a">Bühne</subfield>
			<subfield code="0">(DE-588)4146857-0</subfield>
			<subfield code="2">gnd</subfield>
		</datafield>
		<datafield tag="650" ind1=" " ind2="7">
			<subfield code="a">Museum</subfield>
			<subfield code="0">(DE-588)4040795-0</subfield>
			<subfield code="2">gnd</subfield>
		</datafield>
		<datafield tag="650" ind1=" " ind2="7">
			<subfield code="a">Szenographie</subfield>
			<subfield code="0">(DE-588)4433627-5</subfield>
			<subfield code="2">gnd</subfield>
		</datafield>
		<datafield tag="655" ind1=" " ind2="7">
			<subfield code="a">Gespräch</subfield>
			<subfield code="2">gnd</subfield>
		</datafield>
		<datafield tag="700" ind1="1" ind2=" ">
			<subfield code="a">Trüby</subfield>
			<subfield code="D">Stephan</subfield>
		</datafield>
		<datafield tag="710" ind1="2" ind2=" ">
			<subfield code="a">Zürcher Hochschule der Künste</subfield>
			<subfield code="b">Institut Design2context</subfield>
		</datafield>
		<datafield tag="909" ind1=" " ind2="7">
			<subfield code="a">ZH</subfield>
			<subfield code="2">idszbz Z1</subfield>
		</datafield>
		<datafield tag="909" ind1=" " ind2="7">
			<subfield code="a">zbzmon201307l</subfield>
			<subfield code="c">knec</subfield>
			<subfield code="d">zbzswk201309g</subfield>
			<subfield code="e">schl</subfield>
			<subfield code="2">idszbz Z2</subfield>
		</datafield>
		<datafield tag="909" ind1=" " ind2="7">
			<subfield code="a">NLLUHTA201405</subfield>
			<subfield code="2">idslu L3</subfield>
		</datafield>
		<datafield tag="912" ind1=" " ind2="7">
			<subfield code="a">ZB720</subfield>
			<subfield code="2">Z01</subfield>
		</datafield>
		<datafield tag="912" ind1=" " ind2="7">
			<subfield code="a">E6503</subfield>
			<subfield code="2">E65-20130708</subfield>
		</datafield>
		<datafield tag="912" ind1=" " ind2="7">
			<subfield code="a">E6506</subfield>
			<subfield code="2">E65-20130708</subfield>
		</datafield>
		<datafield tag="950" ind1=" " ind2=" ">
			<subfield code="B">NEBIS</subfield>
			<subfield code="P">700</subfield>
			<subfield code="E">1-</subfield>
			<subfield code="a">Trüby</subfield>
			<subfield code="D">Stephan</subfield>
		</datafield>
		<datafield tag="950" ind1=" " ind2=" ">
			<subfield code="B">NEBIS</subfield>
			<subfield code="P">710</subfield>
			<subfield code="E">2-</subfield>
			<subfield code="a">Zürcher Hochschule der Künste</subfield>
			<subfield code="b">Institut Design2context</subfield>
		</datafield>
		<datafield tag="950" ind1=" " ind2=" ">
			<subfield code="B">IDSLU</subfield>
			<subfield code="P">700</subfield>
			<subfield code="E">1-</subfield>
			<subfield code="a">Trüby</subfield>
			<subfield code="D">Stephan</subfield>
		</datafield>
		<datafield tag="950" ind1=" " ind2=" ">
			<subfield code="B">IDSLU</subfield>
			<subfield code="P">710</subfield>
			<subfield code="E">2-</subfield>
			<subfield code="a">Zürcher Hochschule der Künste</subfield>
			<subfield code="b">Institut Design2context</subfield>
		</datafield>
		<datafield tag="986" ind1=" " ind2=" ">
			<subfield code="a">SWISSBIB</subfield>
			<subfield code="b">303465476</subfield>
		</datafield>
		<datafield tag="898" ind1=" " ind2=" ">
			<subfield code="a">BK020000</subfield>
			<subfield code="b">BK020000</subfield>
		</datafield>
		<datafield tag="949" ind1=" " ind2=" ">
			<subfield code="B">NEBIS</subfield>
			<subfield code="C">EAD50</subfield>
			<subfield code="D">EBI01</subfield>
			<subfield code="E">009901958</subfield>
			<subfield code="F">E65</subfield>
			<subfield code="b">E65</subfield>
			<subfield code="c">E6515</subfield>
			<subfield code="j">506- 473</subfield>
			<subfield code="p">EM000007720263</subfield>
			<subfield code="q">009901958</subfield>
			<subfield code="r">000020</subfield>
			<subfield code="0">ZHDK-MIZ (Zürich)</subfield>
			<subfield code="1">Magazin</subfield>
			<subfield code="2">4</subfield>
			<subfield code="3">BOOK</subfield>
			<subfield code="4">01</subfield>
			<subfield code="5">Ausleihe 4 Wochen</subfield>
		</datafield>
		<datafield tag="949" ind1=" " ind2=" ">
			<subfield code="B">NEBIS</subfield>
			<subfield code="C">EAD50</subfield>
			<subfield code="D">EBI01</subfield>
			<subfield code="E">009901958</subfield>
			<subfield code="F">E65</subfield>
			<subfield code="b">E65</subfield>
			<subfield code="c">E6532</subfield>
			<subfield code="j">395- 52</subfield>
			<subfield code="p">EM000007720262</subfield>
			<subfield code="q">009901958</subfield>
			<subfield code="r">000010</subfield>
			<subfield code="0">ZHDK-MIZ (Zürich)</subfield>
			<subfield code="1">Keller 3.2</subfield>
			<subfield code="2">4</subfield>
			<subfield code="3">BOOK</subfield>
			<subfield code="4">01</subfield>
			<subfield code="5">Ausleihe 4 Wochen</subfield>
		</datafield>
		<datafield tag="949" ind1=" " ind2=" ">
			<subfield code="B">NEBIS</subfield>
			<subfield code="C">ZAD50</subfield>
			<subfield code="D">EBI01</subfield>
			<subfield code="E">009901958</subfield>
			<subfield code="F">Z01</subfield>
			<subfield code="b">Z01</subfield>
			<subfield code="c">02</subfield>
			<subfield code="j">HQ 9897</subfield>
			<subfield code="p">ZM02788961</subfield>
			<subfield code="q">009901958</subfield>
			<subfield code="r">000010</subfield>
			<subfield code="0">ZB (Zürich)</subfield>
			<subfield code="1">Freihand 02</subfield>
			<subfield code="2">4</subfield>
			<subfield code="3">BOOK</subfield>
			<subfield code="4">11</subfield>
			<subfield code="5">Ausleihe 4 Wochen</subfield>
		</datafield>
		<datafield tag="956" ind1="4" ind2=" ">
			<subfield code="B">NEBIS</subfield>
			<subfield code="C">ZAD50</subfield>
			<subfield code="D">EBI01</subfield>
			<subfield code="a">Z01</subfield>
			<subfield code="u">http://opac.nebis.ch/objects/pdf03/z01_978-3-906178-00-4_01.pdf</subfield>
			<subfield code="y">Titelblatt und Inhaltsverzeichnis</subfield>
			<subfield code="x">VIEW</subfield>
			<subfield code="q">pdf</subfield>
		</datafield>
		<datafield tag="949" ind1=" " ind2=" ">
			<subfield code="B">IDSLU</subfield>
			<subfield code="C">ILU50</subfield>
			<subfield code="D">ILU01</subfield>
			<subfield code="E">001144624</subfield>
			<subfield code="F">LUHTA</subfield>
			<subfield code="b">LUHTA</subfield>
			<subfield code="c">TABIB</subfield>
			<subfield code="j">AR FA 193</subfield>
			<subfield code="p">ILUM31047749</subfield>
			<subfield code="q">001186389</subfield>
			<subfield code="r">000010</subfield>
			<subfield code="0">HSLU Technik &#38; Architektur</subfield>
			<subfield code="1">Bibliothek</subfield>
			<subfield code="2">i</subfield>
			<subfield code="3">BOOK</subfield>
			<subfield code="4">01</subfield>
			<subfield code="5">Heimausleihe (4 Wochen)</subfield>
		</datafield>
	</record>