
	<record type="Bibliographic">
		<leader>     cam a22     4  4500</leader>
		<controlfield tag="001">316022101</controlfield>
		<controlfield tag="003">CHVBK</controlfield>
		<controlfield tag="005">20140608080034.0</controlfield>
		<controlfield tag="008">140524s2013    sz            00    ger d</controlfield>
		<datafield tag="020" ind1=" " ind2=" ">
			<subfield code="a">978-3-85637-429-7</subfield>
		</datafield>
		<datafield tag="035" ind1=" " ind2=" ">
			<subfield code="a">(BGR)000541268</subfield>
		</datafield>
		<datafield tag="035" ind1=" " ind2=" ">
			<subfield code="a">(SNL)vtls001738136</subfield>
		</datafield>
		<datafield tag="035" ind1=" " ind2=" ">
			<subfield code="a">(Sz)001738136</subfield>
		</datafield>
		<datafield tag="040" ind1=" " ind2=" ">
			<subfield code="a">Sz</subfield>
			<subfield code="d">Sz-ChBGR KBG</subfield>
		</datafield>
		<datafield tag="082" ind1="7" ind2="4">
			<subfield code="a">200</subfield>
			<subfield code="2">23sdnb</subfield>
		</datafield>
		<datafield tag="100" ind1="1" ind2=" ">
			<subfield code="a">Rataj</subfield>
			<subfield code="D">Dorothée</subfield>
		</datafield>
		<datafield tag="245" ind1="1" ind2="4">
			<subfield code="a">Der spirituelle Weg</subfield>
			<subfield code="b">die Re-Sakralisierung des Lebens</subfield>
			<subfield code="c">Dorothée und Heinz Rataj</subfield>
		</datafield>
		<datafield tag="260" ind1=" " ind2=" ">
			<subfield code="a">Chur</subfield>
			<subfield code="b">Edition HerzWerk</subfield>
			<subfield code="c">2013</subfield>
		</datafield>
		<datafield tag="300" ind1=" " ind2=" ">
			<subfield code="a">213 S</subfield>
			<subfield code="b">Ill</subfield>
			<subfield code="c">21 cm</subfield>
		</datafield>
		<datafield tag="502" ind1=" " ind2=" ">
			<subfield code="a">Travail de bachelor réalisé en vue de l'obtention du master HES à la Haute école de gestion de Genève (HEG-GE), orientation management et ingénierie des services</subfield>
		</datafield>
		<datafield tag="580" ind1=" " ind2=" ">
			<subfield code="a">In: La tribune de Genève, mars 2014</subfield>
		</datafield>
		<datafield tag="580" ind1=" " ind2=" ">
			<subfield code="a">In: Le journal du Jura, janvier 2014</subfield>
		</datafield>
		<datafield tag="650" ind1=" " ind2="7">
			<subfield code="a">Spiritualität</subfield>
			<subfield code="0">(DE-588)4116568-8</subfield>
			<subfield code="2">gnd</subfield>
		</datafield>
		<datafield tag="650" ind1=" " ind2="7">
			<subfield code="a">Stufenweg</subfield>
			<subfield code="0">(DE-588)4827733-2</subfield>
			<subfield code="2">gnd</subfield>
		</datafield>
		<datafield tag="650" ind1=" " ind2="7">
			<subfield code="a">Kosmisches Bewusstsein</subfield>
			<subfield code="0">(DE-588)4216490-4</subfield>
			<subfield code="2">gnd</subfield>
		</datafield>
		<datafield tag="691" ind1=" " ind2="7">
			<subfield code="B">u</subfield>
			<subfield code="u">77.92</subfield>
			<subfield code="2">bgr PZ</subfield>
		</datafield>
		<datafield tag="691" ind1=" " ind2="7">
			<subfield code="B">u</subfield>
			<subfield code="u">02.50</subfield>
			<subfield code="2">bgr PZ</subfield>
		</datafield>
		<datafield tag="691" ind1=" " ind2="7">
			<subfield code="a">sb</subfield>
			<subfield code="b">2013/05</subfield>
			<subfield code="c">200</subfield>
			<subfield code="k">gr</subfield>
			<subfield code="2">snl sb_2001</subfield>
		</datafield>
		<datafield tag="700" ind1="1" ind2=" ">
			<subfield code="a">Rataj</subfield>
			<subfield code="D">Heinz</subfield>
		</datafield>
		<datafield tag="856" ind1=" " ind2=" ">
			<subfield code="u">http://opac.admin.ch/gw/toc/pdf/toc001738136.pdf</subfield>
			<subfield code="z">Inhaltsverzeichnis</subfield>
			<subfield code="3">Inhaltsverzeichnis</subfield>
		</datafield>
		<datafield tag="909" ind1=" " ind2="7">
			<subfield code="a">raet</subfield>
			<subfield code="c">greo</subfield>
			<subfield code="2">bgr P</subfield>
		</datafield>
		<datafield tag="909" ind1=" " ind2="7">
			<subfield code="a">baut</subfield>
			<subfield code="2">bgr P</subfield>
		</datafield>
		<datafield tag="912" ind1=" " ind2="7">
			<subfield code="a">rt</subfield>
			<subfield code="2">Sz-ChBGR</subfield>
		</datafield>
		<datafield tag="950" ind1=" " ind2=" ">
			<subfield code="B">BGR</subfield>
			<subfield code="P">100</subfield>
			<subfield code="E">1-</subfield>
			<subfield code="a">Rataj</subfield>
			<subfield code="D">Dorothée</subfield>
		</datafield>
		<datafield tag="950" ind1=" " ind2=" ">
			<subfield code="B">BGR</subfield>
			<subfield code="P">700</subfield>
			<subfield code="E">1-</subfield>
			<subfield code="a">Rataj</subfield>
			<subfield code="D">Heinz</subfield>
		</datafield>
		<datafield tag="950" ind1=" " ind2=" ">
			<subfield code="B">BGR</subfield>
			<subfield code="P">856</subfield>
			<subfield code="E">--</subfield>
			<subfield code="u">http://opac.admin.ch/gw/toc/pdf/toc001738136.pdf</subfield>
			<subfield code="z">Inhaltsverzeichnis</subfield>
			<subfield code="3">Inhaltsverzeichnis</subfield>
		</datafield>
		<datafield tag="950" ind1=" " ind2=" ">
			<subfield code="B">SNL</subfield>
			<subfield code="P">100</subfield>
			<subfield code="E">1-</subfield>
			<subfield code="a">Rataj</subfield>
			<subfield code="D">Dorothée</subfield>
		</datafield>
		<datafield tag="950" ind1=" " ind2=" ">
			<subfield code="B">SNL</subfield>
			<subfield code="P">700</subfield>
			<subfield code="E">1-</subfield>
			<subfield code="a">Rataj</subfield>
			<subfield code="D">Heinz</subfield>
		</datafield>
		<datafield tag="898" ind1=" " ind2=" ">
			<subfield code="a">BK020000</subfield>
			<subfield code="b">BK020000</subfield>
		</datafield>
		<datafield tag="949" ind1=" " ind2=" ">
			<subfield code="B">SNL</subfield>
			<subfield code="E">vtls001738136</subfield>
			<subfield code="F">NB001</subfield>
			<subfield code="b">NB001</subfield>
			<subfield code="j">N 335239</subfield>
			<subfield code="c">NB10010</subfield>
			<subfield code="p">1901850988</subfield>
			<subfield code="4">100</subfield>
		</datafield>
		<datafield tag="949" ind1=" " ind2=" ">
			<subfield code="B">BGR</subfield>
			<subfield code="C">BGR51</subfield>
			<subfield code="D">BGR01</subfield>
			<subfield code="E">000541268</subfield>
			<subfield code="F">KBG</subfield>
			<subfield code="b">KBG</subfield>
			<subfield code="c">KBGMA</subfield>
			<subfield code="j">KBG B 1718</subfield>
			<subfield code="p">QM287358</subfield>
			<subfield code="q">000541268</subfield>
			<subfield code="r">000020</subfield>
			<subfield code="0">CHUR-Kantonsbibliothek</subfield>
			<subfield code="1">Magazin</subfield>
			<subfield code="3">BOOK</subfield>
			<subfield code="4">01</subfield>
			<subfield code="5">MA ausleihbar</subfield>
		</datafield>
		<datafield tag="949" ind1=" " ind2=" ">
			<subfield code="B">BGR</subfield>
			<subfield code="C">BGR51</subfield>
			<subfield code="D">BGR01</subfield>
			<subfield code="E">000541268</subfield>
			<subfield code="F">KBG</subfield>
			<subfield code="b">KBG</subfield>
			<subfield code="c">KBGMA</subfield>
			<subfield code="j">KBG U 2761</subfield>
			<subfield code="p">QMN257063</subfield>
			<subfield code="q">000541268</subfield>
			<subfield code="r">000010</subfield>
			<subfield code="0">CHUR-Kantonsbibliothek</subfield>
			<subfield code="1">Magazin</subfield>
			<subfield code="3">BOOK</subfield>
			<subfield code="4">41</subfield>
			<subfield code="5">keine Ausleihe</subfield>
		</datafield>
		<datafield tag="956" ind1="4" ind2=" ">
			<subfield code="B">BGR</subfield>
			<subfield code="C">BGR51</subfield>
			<subfield code="D">BGR01</subfield>
			<subfield code="a">KBG</subfield>
			<subfield code="u">http://aleph.gr.ch:80/F?func=service&#38;doc_library=BGR01&#38;doc_number=000541268&#38;line_number=0001&#38;func_code=DB_RECORDS&#38;service_type=MEDIA</subfield>
			<subfield code="d">$alephe_root/../ADAM-Objekte/view/4</subfield>
			<subfield code="f">541268_000213015.pdf</subfield>
			<subfield code="q">pdf</subfield>
			<subfield code="x">VIEW</subfield>
			<subfield code="y">Titelseite und Inhaltsverzeichnis</subfield>
		</datafield>
	</record>