
	<record>
		<leader>00920naa a2200277 a 4500</leader>
		<controlfield tag="001">vtls003010104</controlfield>
		<controlfield tag="003">RERO</controlfield>
		<controlfield tag="005">20120421070200.0</controlfield>
		<controlfield tag="008">010309s1996    sz |||||| ||||00|  |fre d</controlfield>
		<datafield tag="035" ind1=" " ind2=" ">
			<subfield code="a">(RERO)R003010104</subfield>
		</datafield>
		<datafield tag="039" ind1=" " ind2="9">
			<subfield code="a">201204210702</subfield>
			<subfield code="b">VLOAD</subfield>
			<subfield code="c">200812220544</subfield>
			<subfield code="d">VLOAD</subfield>
			<subfield code="c">200709191926</subfield>
			<subfield code="d">VLOAD</subfield>
			<subfield code="c">200203110859</subfield>
			<subfield code="d">6027</subfield>
			<subfield code="y">200103091105</subfield>
			<subfield code="z">6032</subfield>
		</datafield>
		<datafield tag="040" ind1=" " ind2=" ">
			<subfield code="a">RERO gevbpu</subfield>
		</datafield>
		<datafield tag="045" ind1="0" ind2=" ">
			<subfield code="b">d19960323</subfield>
		</datafield>
		<datafield tag="049" ind1=" " ind2=" ">
			<subfield code="a">ju</subfield>
		</datafield>
		<datafield tag="072" ind1=" " ind2="7">
			<subfield code="a">s1fr</subfield>
			<subfield code="2">rero</subfield>
		</datafield>
		<datafield tag="100" ind1="1" ind2=" ">
			<subfield code="a">Bouvier</subfield>
			<subfield code="D">Nicolas</subfield>
			<subfield code="d">1929-1998</subfield>
		</datafield>
		<datafield tag="245" ind1="1" ind2="0">
			<subfield code="a">Nicolas Bouvier: "les autres sont une terre, on sème, le lecteur fait fructifier"</subfield>
			<subfield code="c">propos recueillis par Josiane Bataillard</subfield>
		</datafield>
		<datafield tag="580" ind1=" " ind2=" ">
			<subfield code="a">In: Le quotidien jurassien. - Delémont. - 23 mars 1996</subfield>
		</datafield>
		<datafield tag="600" ind1="1" ind2="7">
			<subfield code="a">Bouvier, Nicolas</subfield>
			<subfield code="v">[entretien]</subfield>
			<subfield code="2">chrero</subfield>
		</datafield>
		<datafield tag="700" ind1="1" ind2=" ">
			<subfield code="a">Bataillard, Josiane</subfield>
		</datafield>
		<datafield tag="773" ind1="1" ind2=" ">
			<subfield code="t">Le Quotidien jurassien</subfield>
			<subfield code="d">Delémont</subfield>
			<subfield code="g">2014, N° 29 (5.2.), p. 12. - Ill.</subfield>
			<subfield code="j">2014/29/12</subfield>
			<subfield code="1">2014</subfield>
			<subfield code="2">2014</subfield>
			<subfield code="w">(IDSBB)001419114</subfield>
			<subfield code="9">268337713</subfield>
		</datafield>
		<datafield tag="902" ind1=" " ind2=" ">
			<subfield code="a">gedoc</subfield>
		</datafield>
		<datafield tag="902" ind1=" " ind2=" ">
			<subfield code="a">geaut</subfield>
		</datafield>
		<datafield tag="957" ind1=" " ind2=" ">
			<subfield code="a">gevbge</subfield>
		</datafield>
		<datafield tag="982" ind1=" " ind2=" ">
			<subfield code="2">nb</subfield>
			<subfield code="a">4.3</subfield>
		</datafield>
	</record>